<record><leader>00000cas a22000007a 4500</leader><controlfield tag="001">22438203</controlfield><controlfield tag="008">900926d19uu1937njuwr ne      0    0eng d</controlfield><datafield ind1=" " ind2=" " tag="010"><subfield code="a">sn 90063117 </subfield></datafield><datafield ind1=" " ind2=" " tag="040"><subfield code="a">NJW</subfield><subfield code="b">eng</subfield><subfield code="c">NJW</subfield><subfield code="d">OCLCQ</subfield></datafield><datafield ind1="0" ind2="0" tag="245"><subfield code="a">North Jersey times.</subfield></datafield><datafield ind1=" " ind2=" " tag="260"><subfield code="a">Mountain View, N.J. :</subfield><subfield code="b">North Jersey Times Pub. Co.</subfield></datafield><datafield ind1=" " ind2=" " tag="300"><subfield code="a">v.</subfield></datafield><datafield ind1=" " ind2=" " tag="310"><subfield code="a">Weekly</subfield></datafield><datafield ind1="1" ind2=" " tag="362"><subfield code="a">Ceased in 1937.</subfield></datafield><datafield ind1=" " ind2=" " tag="588"><subfield code="a">Description based on: 15th year, no. 37 (July 26, 1934).</subfield></datafield><datafield ind1=" " ind2=" " tag="752"><subfield code="a">United States</subfield><subfield code="b">New Jersey</subfield><subfield code="c">Passaic</subfield><subfield code="d">Mountain View.</subfield></datafield><datafield ind1=" " ind2=" " tag="752"><subfield code="a">United States</subfield><subfield code="b">New Jersey</subfield><subfield code="c">Passaic</subfield><subfield code="d">Little Falls.</subfield></datafield><datafield ind1="0" ind2="0" tag="785"><subfield code="t">North Jersey times and Wayne Township herald</subfield><subfield code="w">(DLC)sn 85036017</subfield></datafield></record>